<?xml version="1.0" encoding="UTF-8"?><collection xmlns="http://www.loc.gov/MARC21/slim"><record><leader>00342nam--2200121-i-4500</leader><controlfield tag="001">000045055</controlfield><controlfield tag="002">20161230</controlfield><controlfield tag="005">20161230201044</controlfield><controlfield tag="008">060222s1000------------r-----000-0-eng-d</controlfield><datafield ind1=" " ind2=" " tag="080"><subfield code="a">801.323.2:808.2</subfield></datafield><datafield ind1=" " ind2=" " tag="245"><subfield code="a">Technik-worterbuch. chemie und chemische technik. russisch. deutsch</subfield></datafield><datafield ind1=" " ind2=" " tag="260"><subfield code="a">Berlin, Veb Verlag Technik, 1963. 656 P</subfield></datafield><datafield ind1=" " ind2=" " tag="852"><subfield code="a">9738</subfield></datafield></record></collection>